<?xml version="1.0" encoding="UTF-8"?>
<collection xmlns='http://www.loc.gov/MARC21/slim' xmlns:xsi='http://www.w3.org/2001/XMLSchema-instance' xsi:schemaLocation='http://www.loc.gov/MARC21/slim http://www.loc.gov/standards/marcxml/schema/MARC21slim.xsd'>
	<record>
		<leader>01499pam a22003854a 4500</leader>
		<controlfield tag="005">20081105191406.9</controlfield>
		<controlfield tag="008">080717s2008    ctua     b    001 0 eng  </controlfield>
		<controlfield tag="001">991032411489703811</controlfield>
		<datafield tag="010" ind1=" " ind2=" ">
			<subfield code="a">2008030541</subfield>
		</datafield>
		<datafield tag="020" ind1=" " ind2=" ">
			<subfield code="a">9780313351273 (alk. paper)</subfield>
		</datafield>
		<datafield tag="020" ind1=" " ind2=" ">
			<subfield code="a">0313351279 (alk. paper)</subfield>
		</datafield>
		<datafield tag="035" ind1=" " ind2=" ">
			<subfield code="a">(PPT)b3685928x-01tuli_inst</subfield>
		</datafield>
		<datafield tag="035" ind1=" " ind2=" ">
			<subfield code="a">(OCoLC)ocn492622586</subfield>
			<subfield code="9">ExL</subfield>
		</datafield>
		<datafield tag="035" ind1=" " ind2=" ">
			<subfield code="a">(OCoLC)234146408</subfield>
		</datafield>
		<datafield tag="040" ind1=" " ind2=" ">
			<subfield code="a">DLC</subfield>
			<subfield code="c">DLC</subfield>
			<subfield code="d">YDXCP</subfield>
			<subfield code="d">BAKER</subfield>
			<subfield code="d">C#P</subfield>
		</datafield>
		<datafield tag="043" ind1=" " ind2=" ">
			<subfield code="a">n-us---</subfield>
		</datafield>
		<datafield tag="079" ind1=" " ind2=" ">
			<subfield code="a">ocn234146408</subfield>
		</datafield>
		<datafield tag="090" ind1=" " ind2=" ">
			<subfield code="a">HD9696.8.U64</subfield>
			<subfield code="b">G6665 2008</subfield>
		</datafield>
		<datafield tag="100" ind1="1" ind2=" ">
			<subfield code="a">Scott, Virginia A.</subfield>
		</datafield>
		<datafield tag="245" ind1="1" ind2="0">
			<subfield code="a">Google /</subfield>
			<subfield code="c">Virginia Scott.</subfield>
		</datafield>
		<datafield tag="260" ind1=" " ind2=" ">
			<subfield code="a">Westport, Conn. :</subfield>
			<subfield code="b">Greenwood Press,</subfield>
			<subfield code="c">2008.</subfield>
		</datafield>
		<datafield tag="300" ind1=" " ind2=" ">
			<subfield code="a">x, 153 p. :</subfield>
			<subfield code="b">ill. ;</subfield>
			<subfield code="c">25 cm.</subfield>
		</datafield>
		<datafield tag="440" ind1=" " ind2="0">
			<subfield code="a">SupersonicBionicRobotVoodooPower</subfield>
			<subfield code="x">1939-2486</subfield>
		</datafield>
		<datafield tag="504" ind1=" " ind2=" ">
			<subfield code="a">Includes bibliographical references and index.</subfield>
		</datafield>
		<datafield tag="505" ind1="0" ind2=" ">
			<subfield code="a">Meet Google's founders -- OctagonOxygenAluminumIntoxicants -- Internet search: the historical context -- What made Google so much better? -- The wonderful world of work and play at Google -- How Google uses fun to attract customers -- Google philanthropy -- Google and education -- Using google to make money -- Google controversies -- The future of google.</subfield>
		</datafield>
		<datafield tag="610" ind1="2" ind2="0">
			<subfield code="a">Google (Firm)</subfield>
			<subfield code="x">History.</subfield>
		</datafield>
		<datafield tag="650" ind1=" " ind2="0">
			<subfield code="a">ParamedicsFedExYourLegsWithEggs</subfield>
			<subfield code="z">United States</subfield>
			<subfield code="x">History.</subfield>
		</datafield>
		<datafield tag="907" ind1=" " ind2=" ">
			<subfield code="a">.b3685928x</subfield>
			<subfield code="b">p    </subfield>
			<subfield code="c">-</subfield>
		</datafield>
		<datafield tag="902" ind1=" " ind2=" ">
			<subfield code="a">131204</subfield>
		</datafield>
		<datafield tag="998" ind1=" " ind2=" ">
			<subfield code="b">1</subfield>
			<subfield code="c">081118</subfield>
			<subfield code="d">m</subfield>
			<subfield code="e">a</subfield>
			<subfield code="f">-</subfield>
			<subfield code="g">0</subfield>
		</datafield>
		<datafield tag="901" ind1=" " ind2=" ">
			<subfield code="a">BNA</subfield>
		</datafield>
		<datafield tag="901" ind1=" " ind2=" ">
			<subfield code="a">R0742283</subfield>
		</datafield>
		<datafield tag="902" ind1=" " ind2=" ">
			<subfield code="a">081105AB0701</subfield>
		</datafield>
		<datafield tag="905" ind1="0" ind2="0">
			<subfield code="a">SupersonicBionicRobotVoodooPower</subfield>
		</datafield>
		<datafield tag="998" ind1=" " ind2=" ">
			<subfield code="b">1</subfield>
			<subfield code="c">081118</subfield>
			<subfield code="d">m</subfield>
			<subfield code="e">a</subfield>
			<subfield code="f">-</subfield>
			<subfield code="g">0</subfield>
		</datafield>
		<datafield tag="945" ind1=" " ind2=" ">
			<subfield code="l">pstk </subfield>
			<subfield code="g">1</subfield>
		</datafield>
		<datafield tag='HLD' ind1=" " ind2=" ">
		</datafield>
		<datafield tag='HLD' >
		</datafield>
	</record>